<?xml version="1.0" encoding="UTF-8"?><collection xmlns="http://www.loc.gov/MARC21/slim"><record><leader>00379nam--2200133-i-4500</leader><controlfield tag="001">000042562</controlfield><controlfield tag="002">20161230</controlfield><controlfield tag="005">20161230201043</controlfield><controlfield tag="008">060222s1000------------r-----000-0-eng-d</controlfield><datafield ind1=" " ind2=" " tag="080"><subfield code="a">621.375.826</subfield></datafield><datafield ind1=" " ind2=" " tag="100"><subfield code="a">Sreckovic,Milese</subfield></datafield><datafield ind1=" " ind2=" " tag="245"><subfield code="a">Tbirka zadazaka i problems iz osnova laserske technike i primens</subfield></datafield><datafield ind1=" " ind2=" " tag="260"><subfield code="a">Beograd, Elektrotehnicki Facultet, 1987. Vi+157 P</subfield></datafield><datafield ind1=" " ind2=" " tag="852"><subfield code="a">74799</subfield></datafield></record></collection>